@incollection {exact,
   author = {Welzl, Emo},
   affiliation = {Freie Universität Berlin Institut für Informatik Amimall 2-6 W 1000 Berlin 33 Germany Amimall 2-6 W 1000 Berlin 33 Germany},
   title = {Smallest enclosing disks (balls and ellipsoids)},
   booktitle = {New Results and New Trends in Computer Science},
   series = {Lecture Notes in Computer Science},
   editor = {Maurer, Hermann},
   publisher = {Springer Berlin / Heidelberg},
   isbn = {978-3-540-54869-0},
   keyword = {Computer Science},
   pages = {359-370},
   volume = {555},
   url = {http://dx.doi.org/10.1007/BFb0038202},
   note = {10.1007/BFb0038202},
   year = {1991}
},


@inproceedings{onepointfive,
  author    = {Hamid Zarrabi-Zadeh and
               Timothy M. Chan},
  title     = {A Simple Streaming Algorithm for Minimum Enclosing Balls},
  booktitle = {CCCG},
  year      = {2006},
  ee        = {http://www.cs.queensu.ca/cccg/papers/cccg36.pdf},
  crossref  = {DBLP:conf/cccg/2006},
  bibsource = {DBLP, http://dblp.uni-trier.de}
},

@inproceedings{agarwal,
 author = {Agarwal, Pankaj K. and Sharathkumar, R.},
 title = {Streaming algorithms for extent problems in high dimensions},
 booktitle = {Proceedings of the Twenty-First Annual ACM-SIAM Symposium on Discrete Algorithms},
 series = {SODA '10},
 year = {2010},
 isbn = {978-0-898716-98-6},
 location = {Austin, Texas},
 pages = {1481--1489},
 numpages = {9},
 url = {http://dl.acm.org/citation.cfm?id=1873601.1873721},
 acmid = {1873721},
 publisher = {Society for Industrial and Applied Mathematics},
 address = {Philadelphia, PA, USA},
} ,

@article{bc,
 author = {Badoiu, Mihai and Clarkson, Kenneth L.},
 title = {Optimal core-sets for balls},
 journal = {Comput. Geom. Theory Appl.},
 volume = {40},
 issue = {1},
 month = {May},
 year = {2008},
 issn = {0925-7721},
 pages = {14--22},
 numpages = {9},
 url = {http://dl.acm.org/citation.cfm?id=1344836.1344897},
 doi = {10.1016/j.comgeo.2007.04.002},
 acmid = {1344897},
 publisher = {Elsevier Science Publishers B. V.},
 address = {Amsterdam, The Netherlands, The Netherlands},
} ,

@incollection {bbc,
   author = {Nock, Richard and Nielsen, Frank},
   affiliation = {Université Antilles-Guyane},
   title = {Fitting the Smallest Enclosing Bregman Ball},
   booktitle = {Machine Learning: ECML 2005},
   series = {Lecture Notes in Computer Science},
   editor = {Gama, João and Camacho, Rui and Brazdil, Pavel and Jorge, Alípio and Torgo, Luís},
   publisher = {Springer Berlin / Heidelberg},
   isbn = {978-3-540-29243-2},
   keyword = {Computer Science},
   pages = {649-656},
   volume = {3720},
   year = {2005}
},

@PhdThesis{cayton,
  author = 	 {Lawrence Cayton},
  title = 	 {Bregman proximity search},
  school = 	 {University of California, San Diego},
  year = 	 2009
},

@article{bwz,
title = "On the smallest enclosing information disk",
journal = "Information Processing Letters",
volume = "105",
number = "3",
pages = "93 - 97",
year = "2008",
note = "",
issn = "0020-0190",
doi = "10.1016/j.ipl.2007.08.007",
url = "http://www.sciencedirect.com/science/article/pii/S0020019007002207",
author = "Frank Nielsen and Richard Nock",
keywords = "Computational information geometry",
keywords = "Smallest enclosing ball",
keywords = "Divergence",
keywords = "Algorithms"
}
